% Encoding: UTF-8

@article{kohn_2018_gender,
  title={Gender Stereotype Analysis on Reddit using Word Embeddings},
  author={Kohn, Aaron},
  year=2018,
  month=03
}

