% Encoding: UTF-8

@article{kohn_2018_gender,
  title="{Gender Stereotype Analysis on Reddit using Word Embeddings}",
  author={Kohn, Aaron},
  year=2018,
  month=03
}

@ARTICLE{bolukbasi_2016_quantifying_stereotypes,
       author = {{Bolukbasi}, Tolga and {Chang}, Kai-Wei and {Zou}, James and
         {Saligrama}, Venkatesh and {Kalai}, Adam},
        title = "{Quantifying and Reducing Stereotypes in Word Embeddings}",
      journal = {arXiv e-prints},
     keywords = {Computer Science - Computation and Language, Computer Science - Machine Learning, Statistics - Machine Learning},
         year = 2016,
        month = jun,
          eid = {arXiv:1606.06121},
        pages = {arXiv:1606.06121},
archivePrefix = {arXiv},
       eprint = {1606.06121},
 primaryClass = {cs.CL},
       adsurl = {https://ui.adsabs.harvard.edu/abs/2016arXiv160606121B},
      adsnote = {Provided by the SAO/NASA Astrophysics Data System}
}

@ARTICLE{caliskan_2017_semantics_language_corpora,
       author = {{Caliskan}, Aylin and {Bryson}, Joanna J. and {Narayanan}, Arvind},
        title = "{Semantics derived automatically from language corpora contain human-like biases}",
      journal = {Science},
     keywords = {PSYCHOLOGY, Computer Science - Artificial Intelligence, Computer Science - Computation and Language, Computer Science - Computers and Society, Computer Science - Machine Learning},
         year = 2017,
        month = apr,
       volume = {356},
       number = {6334},
        pages = {183-186},
          doi = {10.1126/science.aal4230},
archivePrefix = {arXiv},
       eprint = {1608.07187},
 primaryClass = {cs.AI},
       adsurl = {https://ui.adsabs.harvard.edu/abs/2017Sci...356..183C},
      adsnote = {Provided by the SAO/NASA Astrophysics Data System}
}

@ARTICLE{2019arXiv190509866N,
       author = {{Nissim}, Malvina and {van Noord}, Rik and {van der Goot}, Rob},
        title = "{Fair is Better than Sensational:Man is to Doctor as Woman is to Doctor}",
      journal = {arXiv e-prints},
     keywords = {Computer Science - Computation and Language},
         year = 2019,
        month = may,
          eid = {arXiv:1905.09866},
        pages = {arXiv:1905.09866},
archivePrefix = {arXiv},
       eprint = {1905.09866},
 primaryClass = {cs.CL},
       adsurl = {https://ui.adsabs.harvard.edu/abs/2019arXiv190509866N},
      adsnote = {Provided by the SAO/NASA Astrophysics Data System}
}

@ARTICLE{2019arXiv190303862G,
       author = {{Gonen}, Hila and {Goldberg}, Yoav},
        title = "{Lipstick on a Pig: Debiasing Methods Cover up Systematic Gender Biases in Word Embeddings But do not Remove Them}",
      journal = {arXiv e-prints},
     keywords = {Computer Science - Computation and Language},
         year = 2019,
        month = mar,
          eid = {arXiv:1903.03862},
        pages = {arXiv:1903.03862},
archivePrefix = {arXiv},
       eprint = {1903.03862},
 primaryClass = {cs.CL},
       adsurl = {https://ui.adsabs.harvard.edu/abs/2019arXiv190303862G},
      adsnote = {Provided by the SAO/NASA Astrophysics Data System}
}

@ARTICLE{2017arXiv171108412G,
       author = {{Garg}, Nikhil and {Schiebinger}, Londa and {Jurafsky}, Dan and
         {Zou}, James},
        title = "{Word Embeddings Quantify 100 Years of Gender and Ethnic Stereotypes}",
      journal = {arXiv e-prints},
     keywords = {Computer Science - Computation and Language, Computer Science - Computers and Society},
         year = 2017,
        month = nov,
          eid = {arXiv:1711.08412},
        pages = {arXiv:1711.08412},
archivePrefix = {arXiv},
       eprint = {1711.08412},
 primaryClass = {cs.CL},
       adsurl = {https://ui.adsabs.harvard.edu/abs/2017arXiv171108412G},
      adsnote = {Provided by the SAO/NASA Astrophysics Data System}
}

@ARTICLE{2018arXiv180309288K,
       author = {{Kozlowski}, Austin C. and {Taddy}, Matt and {Evans}, James A.},
        title = "{The Geometry of Culture: Analyzing Meaning through Word Embeddings}",
      journal = {arXiv e-prints},
     keywords = {Computer Science - Computation and Language},
         year = 2018,
        month = mar,
          eid = {arXiv:1803.09288},
        pages = {arXiv:1803.09288},
archivePrefix = {arXiv},
       eprint = {1803.09288},
 primaryClass = {cs.CL},
       adsurl = {https://ui.adsabs.harvard.edu/abs/2018arXiv180309288K},
      adsnote = {Provided by the SAO/NASA Astrophysics Data System}
}

@inproceedings{grave2018learning,
  title={Learning Word Vectors for 157 Languages},
  author={Grave, Edouard and Bojanowski, Piotr and Gupta, Prakhar and Joulin, Armand and Mikolov, Tomas},
  booktitle={Proceedings of the International Conference on Language Resources and Evaluation (LREC 2018)},
  year={2018}
}
